%% LaTeX2e file `SCAP_v2.bib'
%% generated by the `filecontents' environment
%% from source `SCAP_v2' on 2015/12/22.
%%
@article{FAQs,
   title     = {{Frequently Asked Questions on Supervisory Capital Assessment Program}},
   publisher = "Board of Governors of the Federal Reserve System",
   author    = {{Federal Reserve}},
   year      = "2009",
   doi       = " ",
   volume    = " ",
   journal   = " ",
   issn      = " ",
   url        = {http://www.federalreserve.gov/newsevents/press/bcreg/bcreg20090225a1.pdf},
}

@article{Hirtle,
   title     = {{Macroprudential Supervision of Financial Institutions: Lessons from the SCAP}},
   publisher = "Federal Reserve Bank of New York",
   author    = "Hirtle, A. and Schuermann T. and Stiroh, K.",
   year      = "2009",
   doi       = " ",
   volume    = " ",
   journal   = "Staff Report No. 409",
   issn      = " ",
   url        = {http://www.federalreserve.gov/newsevents/press/bcreg/bcreg20090225a1.pdf},
}

@article{Design,
   title     = {{The Supervisory Capital Assessment Program: Design and Implementation}},
   publisher = "Board of Governors of the Federal Reserve System",
   author    = {{Federal Reserve}},
   year      = "2009",
   doi       = " ",
   volume    = " ",
   journal   = " ",
   issn      = " ",
   url        = {http://www.federalreserve.gov/bankinforeg/bcreg20090424a1.pdf},
}

@article{Results,
   title     = {{The Supervisory Capital Assessment Program: Overview of Results}},
   publisher = "Board of Governors of the Federal Reserve System",
   author    = {{Federal Reserve}},
   year      = "2009",
   doi       = " ",
   volume    = " ",
   journal   = " ",
   issn      = " ",
   url        = {http://www.federalreserve.gov/newsevents/press/bcreg/bcreg20090507a1.pdf},
}

@article{Term,
   title     = {{Term Sheet for Capital Assistance Program}},
   publisher = "United States Treasury",
   author    = {{U.S. Treasury}},
   year      = "2009",
   doi       = " ",
   volume    = " ",
   journal   = " ",
   issn      = " ",
   url        = {http://www.treasury.gov/press-center/press-releases/Documents/tg40_captermsheet.pdf},
}

@article{NYTimes,
   title     = {{Government Offers Details of Bank Stress Tests}},
   publisher = "New York Times",
   author    = "Andrews, E. and Dash, E.",
   year      = "2009",
   doi       = " ",
   volume    = " ",
   journal   = " ",
   issn      = " ",
   url        = {http://www.nytimes.com/2009/02/26/business/economy/26banks.html?_r=1},
}

@article{WSJ,
   title     = {{Banks Won Concessions on Tests}},
   publisher = "Wall Street Journal",
   author    = "Enrich, D. and Fitzpatrick, D. and Eckblad, M.",
   year      = "2009",
   doi       = " ",
   volume    = " ",
   journal   = " ",
   issn      = " ",
   url        = {http://www.wsj.com/articles/SB124182311010302297},
}

@article{OFS,
   title     = {{Troubled Asset Relief Program: Two Year Retrospective}},
   publisher = "Office of Financial Stability",
   author    = {{Office of Financial Stability}},
   year      = "2010",
   doi       = " ",
   volume    = " ",
   journal   = " ",
   issn      = " ",
   url        = {https://www.treasury.gov/press-center/news/Documents/TARP\%20Two\%20Year\%20Retrospective_10\%2005\%2010_transmittal\%20letter.pdf},
}

@book{Bernanke,
   title     = {{The Courage to Act}},
   publisher = "W.W. Norton \& Company",
   author    ={Ben Bernanke},
   year      = "2015",
   doi       = " ",
   volume    = " ",
   journal   = " ",
   issn      = "039324721X",

}

@article{CFR,
   title     = {{12 CFR part 225, Appendix A, Section II.A.I.}},
   publisher = "GAO",
   author    ={CFR},
   year      = " ",
   doi       = " ",
   volume    = " ",
   journal   = " ",
   issn      = " ",
   url  = {https://www.law.cornell.edu/cfr/text/12/part-225/appendix-A},
}



